%YAML 1.1
%TAG !u! tag:unity3d.com,2011:
--- !u!1 &5331048808917675274
GameObject:
  m_ObjectHideFlags: 0
  m_CorrespondingSourceObject: {fileID: 0}
  m_PrefabInstance: {fileID: 0}
  m_PrefabAsset: {fileID: 0}
  serializedVersion: 6
  m_Component:
  - component: {fileID: 68271870506481043}
  - component: {fileID: 8350436258727357042}
  - component: {fileID: 155632006324735341}
  - component: {fileID: 2893042670663331347}
  m_Layer: 0
  m_Name: Pickup
  m_TagString: Untagged
  m_Icon: {fileID: 0}
  m_NavMeshLayer: 0
  m_StaticEditorFlags: 0
  m_IsActive: 1
--- !u!4 &68271870506481043
Transform:
  m_ObjectHideFlags: 0
  m_CorrespondingSourceObject: {fileID: 0}
  m_PrefabInstance: {fileID: 0}
  m_PrefabAsset: {fileID: 0}
  m_GameObject: {fileID: 5331048808917675274}
  m_LocalRotation: {x: 0, y: 0, z: 0, w: 1}
  m_LocalPosition: {x: 0, y: 0, z: 0}
  m_LocalScale: {x: 2, y: 2, z: 2}
  m_Children:
  - {fileID: 9217936939059794514}
  m_Father: {fileID: 0}
  m_RootOrder: 0
  m_LocalEulerAnglesHint: {x: 0, y: 0, z: 0}
--- !u!114 &8350436258727357042
MonoBehaviour:
  m_ObjectHideFlags: 0
  m_CorrespondingSourceObject: {fileID: 0}
  m_PrefabInstance: {fileID: 0}
  m_PrefabAsset: {fileID: 0}
  m_GameObject: {fileID: 5331048808917675274}
  m_Enabled: 1
  m_EditorHideFlags: 0
  m_Script: {fileID: 11500000, guid: 0b0e6500e58d60f4bb348b821b42ba06, type: 3}
  m_Name: 
  m_EditorClassIdentifier: 
  hp: 5
  weapon: {fileID: 0}
--- !u!135 &155632006324735341
SphereCollider:
  m_ObjectHideFlags: 0
  m_CorrespondingSourceObject: {fileID: 0}
  m_PrefabInstance: {fileID: 0}
  m_PrefabAsset: {fileID: 0}
  m_GameObject: {fileID: 5331048808917675274}
  m_Material: {fileID: 0}
  m_IsTrigger: 1
  m_Enabled: 1
  serializedVersion: 2
  m_Radius: 0.5
  m_Center: {x: 0, y: 0, z: 0}
--- !u!114 &2893042670663331347
MonoBehaviour:
  m_ObjectHideFlags: 0
  m_CorrespondingSourceObject: {fileID: 0}
  m_PrefabInstance: {fileID: 0}
  m_PrefabAsset: {fileID: 0}
  m_GameObject: {fileID: 5331048808917675274}
  m_Enabled: 1
  m_EditorHideFlags: 0
  m_Script: {fileID: 11500000, guid: 9b3a63f03644cbe4f975c53bd16402bb, type: 3}
  m_Name: 
  m_EditorClassIdentifier: 
  minimap_icon_type: {fileID: 2572694407286727525, guid: baea85bf2ff7b6b4d912e5e21b24b5c9,
    type: 3}
--- !u!1001 &4929787526201368772
PrefabInstance:
  m_ObjectHideFlags: 0
  serializedVersion: 2
  m_Modification:
    m_TransformParent: {fileID: 68271870506481043}
    m_Modifications:
    - target: {fileID: 2928875582153546448, guid: c93a042d47580de4ebaf393fa83c2720,
        type: 3}
      propertyPath: m_Name
      value: PickupShine
      objectReference: {fileID: 0}
    - target: {fileID: 4289308575185908374, guid: c93a042d47580de4ebaf393fa83c2720,
        type: 3}
      propertyPath: m_LocalPosition.x
      value: 0
      objectReference: {fileID: 0}
    - target: {fileID: 4289308575185908374, guid: c93a042d47580de4ebaf393fa83c2720,
        type: 3}
      propertyPath: m_LocalPosition.y
      value: -0.49
      objectReference: {fileID: 0}
    - target: {fileID: 4289308575185908374, guid: c93a042d47580de4ebaf393fa83c2720,
        type: 3}
      propertyPath: m_LocalPosition.z
      value: 0
      objectReference: {fileID: 0}
    - target: {fileID: 4289308575185908374, guid: c93a042d47580de4ebaf393fa83c2720,
        type: 3}
      propertyPath: m_LocalRotation.x
      value: 0
      objectReference: {fileID: 0}
    - target: {fileID: 4289308575185908374, guid: c93a042d47580de4ebaf393fa83c2720,
        type: 3}
      propertyPath: m_LocalRotation.y
      value: 0
      objectReference: {fileID: 0}
    - target: {fileID: 4289308575185908374, guid: c93a042d47580de4ebaf393fa83c2720,
        type: 3}
      propertyPath: m_LocalRotation.z
      value: 0
      objectReference: {fileID: 0}
    - target: {fileID: 4289308575185908374, guid: c93a042d47580de4ebaf393fa83c2720,
        type: 3}
      propertyPath: m_LocalRotation.w
      value: 1
      objectReference: {fileID: 0}
    - target: {fileID: 4289308575185908374, guid: c93a042d47580de4ebaf393fa83c2720,
        type: 3}
      propertyPath: m_RootOrder
      value: 0
      objectReference: {fileID: 0}
    - target: {fileID: 4289308575185908374, guid: c93a042d47580de4ebaf393fa83c2720,
        type: 3}
      propertyPath: m_LocalEulerAnglesHint.x
      value: 0
      objectReference: {fileID: 0}
    - target: {fileID: 4289308575185908374, guid: c93a042d47580de4ebaf393fa83c2720,
        type: 3}
      propertyPath: m_LocalEulerAnglesHint.y
      value: 0
      objectReference: {fileID: 0}
    - target: {fileID: 4289308575185908374, guid: c93a042d47580de4ebaf393fa83c2720,
        type: 3}
      propertyPath: m_LocalEulerAnglesHint.z
      value: 0
      objectReference: {fileID: 0}
    - target: {fileID: 6546109998748360283, guid: c93a042d47580de4ebaf393fa83c2720,
        type: 3}
      propertyPath: m_LocalEulerAnglesHint.x
      value: 0
      objectReference: {fileID: 0}
    - target: {fileID: 6546109998748360283, guid: c93a042d47580de4ebaf393fa83c2720,
        type: 3}
      propertyPath: m_LocalEulerAnglesHint.y
      value: 0
      objectReference: {fileID: 0}
    - target: {fileID: 6546109998748360283, guid: c93a042d47580de4ebaf393fa83c2720,
        type: 3}
      propertyPath: m_LocalScale.x
      value: 5
      objectReference: {fileID: 0}
    - target: {fileID: 6546109998748360283, guid: c93a042d47580de4ebaf393fa83c2720,
        type: 3}
      propertyPath: m_LocalScale.y
      value: 5
      objectReference: {fileID: 0}
    - target: {fileID: 6546109998748360283, guid: c93a042d47580de4ebaf393fa83c2720,
        type: 3}
      propertyPath: m_LocalScale.z
      value: 5
      objectReference: {fileID: 0}
    m_RemovedComponents: []
  m_SourcePrefab: {fileID: 100100000, guid: c93a042d47580de4ebaf393fa83c2720, type: 3}
--- !u!4 &9217936939059794514 stripped
Transform:
  m_CorrespondingSourceObject: {fileID: 4289308575185908374, guid: c93a042d47580de4ebaf393fa83c2720,
    type: 3}
  m_PrefabInstance: {fileID: 4929787526201368772}
  m_PrefabAsset: {fileID: 0}
