%YAML 1.1
%TAG !u! tag:unity3d.com,2011:
--- !u!1 &5487174134636278804
GameObject:
  m_ObjectHideFlags: 0
  m_CorrespondingSourceObject: {fileID: 0}
  m_PrefabInstance: {fileID: 0}
  m_PrefabAsset: {fileID: 0}
  serializedVersion: 6
  m_Component:
  - component: {fileID: 97134117373736600}
  - component: {fileID: 6204463051903829315}
  - component: {fileID: 4500617158200878560}
  - component: {fileID: 6253255291807232424}
  - component: {fileID: 6567243436509312894}
  - component: {fileID: 3076944335272875795}
  - component: {fileID: 7212219960443938099}
  m_Layer: 9
  m_Name: Fireball
  m_TagString: Untagged
  m_Icon: {fileID: 0}
  m_NavMeshLayer: 0
  m_StaticEditorFlags: 0
  m_IsActive: 1
--- !u!4 &97134117373736600
Transform:
  m_ObjectHideFlags: 0
  m_CorrespondingSourceObject: {fileID: 0}
  m_PrefabInstance: {fileID: 0}
  m_PrefabAsset: {fileID: 0}
  m_GameObject: {fileID: 5487174134636278804}
  m_LocalRotation: {x: 0, y: 0, z: 0, w: 1}
  m_LocalPosition: {x: -2.5345626, y: 10, z: 1.8047867}
  m_LocalScale: {x: 0.2, y: 0.2, z: 0.2}
  m_Children:
  - {fileID: 4641148855502981028}
  - {fileID: 4156404284881293089}
  m_Father: {fileID: 0}
  m_RootOrder: 0
  m_LocalEulerAnglesHint: {x: 0, y: 0, z: 0}
--- !u!33 &6204463051903829315
MeshFilter:
  m_ObjectHideFlags: 0
  m_CorrespondingSourceObject: {fileID: 0}
  m_PrefabInstance: {fileID: 0}
  m_PrefabAsset: {fileID: 0}
  m_GameObject: {fileID: 5487174134636278804}
  m_Mesh: {fileID: 10207, guid: 0000000000000000e000000000000000, type: 0}
--- !u!135 &4500617158200878560
SphereCollider:
  m_ObjectHideFlags: 0
  m_CorrespondingSourceObject: {fileID: 0}
  m_PrefabInstance: {fileID: 0}
  m_PrefabAsset: {fileID: 0}
  m_GameObject: {fileID: 5487174134636278804}
  m_Material: {fileID: 0}
  m_IsTrigger: 0
  m_Enabled: 1
  serializedVersion: 2
  m_Radius: 0.5
  m_Center: {x: 0, y: 0, z: 0}
--- !u!114 &6253255291807232424
MonoBehaviour:
  m_ObjectHideFlags: 0
  m_CorrespondingSourceObject: {fileID: 0}
  m_PrefabInstance: {fileID: 0}
  m_PrefabAsset: {fileID: 0}
  m_GameObject: {fileID: 5487174134636278804}
  m_Enabled: 1
  m_EditorHideFlags: 0
  m_Script: {fileID: 11500000, guid: f2243c106ef5cee498bb723e4ab34723, type: 3}
  m_Name: 
  m_EditorClassIdentifier: 
  velocity: 20
  dir: {x: 0, y: 1, z: 0}
  damage: 20
  faction: 1
--- !u!114 &6567243436509312894
MonoBehaviour:
  m_ObjectHideFlags: 0
  m_CorrespondingSourceObject: {fileID: 0}
  m_PrefabInstance: {fileID: 0}
  m_PrefabAsset: {fileID: 0}
  m_GameObject: {fileID: 5487174134636278804}
  m_Enabled: 1
  m_EditorHideFlags: 0
  m_Script: {fileID: 11500000, guid: 99cdab6da9692ef4eb642e794f2b028c, type: 3}
  m_Name: 
  m_EditorClassIdentifier: 
  life_time_sec: 5
--- !u!54 &3076944335272875795
Rigidbody:
  m_ObjectHideFlags: 0
  m_CorrespondingSourceObject: {fileID: 0}
  m_PrefabInstance: {fileID: 0}
  m_PrefabAsset: {fileID: 0}
  m_GameObject: {fileID: 5487174134636278804}
  serializedVersion: 2
  m_Mass: 0.1
  m_Drag: 0
  m_AngularDrag: 0.05
  m_UseGravity: 0
  m_IsKinematic: 0
  m_Interpolate: 0
  m_Constraints: 0
  m_CollisionDetection: 0
--- !u!114 &7212219960443938099
MonoBehaviour:
  m_ObjectHideFlags: 0
  m_CorrespondingSourceObject: {fileID: 0}
  m_PrefabInstance: {fileID: 0}
  m_PrefabAsset: {fileID: 0}
  m_GameObject: {fileID: 5487174134636278804}
  m_Enabled: 1
  m_EditorHideFlags: 0
  m_Script: {fileID: 11500000, guid: 1cb982188c05b6d44b327a753be13396, type: 3}
  m_Name: 
  m_EditorClassIdentifier: 
  spawn: {fileID: 3958214193399367933, guid: 69a3535708b3a3b4a9114669866024f7, type: 3}
--- !u!1001 &6508049091268922598
PrefabInstance:
  m_ObjectHideFlags: 0
  serializedVersion: 2
  m_Modification:
    m_TransformParent: {fileID: 97134117373736600}
    m_Modifications:
    - target: {fileID: 7058287412337709139, guid: b854bd095338e2d45b46b49f68ec068b,
        type: 3}
      propertyPath: m_Name
      value: Fireball Sfx
      objectReference: {fileID: 0}
    - target: {fileID: 7058287412337709139, guid: b854bd095338e2d45b46b49f68ec068b,
        type: 3}
      propertyPath: m_Layer
      value: 9
      objectReference: {fileID: 0}
    - target: {fileID: 1889700267227876162, guid: b854bd095338e2d45b46b49f68ec068b,
        type: 3}
      propertyPath: m_LocalPosition.x
      value: 0
      objectReference: {fileID: 0}
    - target: {fileID: 1889700267227876162, guid: b854bd095338e2d45b46b49f68ec068b,
        type: 3}
      propertyPath: m_LocalPosition.y
      value: 0
      objectReference: {fileID: 0}
    - target: {fileID: 1889700267227876162, guid: b854bd095338e2d45b46b49f68ec068b,
        type: 3}
      propertyPath: m_LocalPosition.z
      value: 0
      objectReference: {fileID: 0}
    - target: {fileID: 1889700267227876162, guid: b854bd095338e2d45b46b49f68ec068b,
        type: 3}
      propertyPath: m_LocalRotation.x
      value: 0
      objectReference: {fileID: 0}
    - target: {fileID: 1889700267227876162, guid: b854bd095338e2d45b46b49f68ec068b,
        type: 3}
      propertyPath: m_LocalRotation.y
      value: 1
      objectReference: {fileID: 0}
    - target: {fileID: 1889700267227876162, guid: b854bd095338e2d45b46b49f68ec068b,
        type: 3}
      propertyPath: m_LocalRotation.z
      value: 0
      objectReference: {fileID: 0}
    - target: {fileID: 1889700267227876162, guid: b854bd095338e2d45b46b49f68ec068b,
        type: 3}
      propertyPath: m_LocalRotation.w
      value: 0
      objectReference: {fileID: 0}
    - target: {fileID: 1889700267227876162, guid: b854bd095338e2d45b46b49f68ec068b,
        type: 3}
      propertyPath: m_RootOrder
      value: 0
      objectReference: {fileID: 0}
    - target: {fileID: 1889700267227876162, guid: b854bd095338e2d45b46b49f68ec068b,
        type: 3}
      propertyPath: m_LocalEulerAnglesHint.x
      value: 0
      objectReference: {fileID: 0}
    - target: {fileID: 1889700267227876162, guid: b854bd095338e2d45b46b49f68ec068b,
        type: 3}
      propertyPath: m_LocalEulerAnglesHint.y
      value: 180
      objectReference: {fileID: 0}
    - target: {fileID: 1889700267227876162, guid: b854bd095338e2d45b46b49f68ec068b,
        type: 3}
      propertyPath: m_LocalEulerAnglesHint.z
      value: 0
      objectReference: {fileID: 0}
    m_RemovedComponents: []
  m_SourcePrefab: {fileID: 100100000, guid: b854bd095338e2d45b46b49f68ec068b, type: 3}
--- !u!4 &4641148855502981028 stripped
Transform:
  m_CorrespondingSourceObject: {fileID: 1889700267227876162, guid: b854bd095338e2d45b46b49f68ec068b,
    type: 3}
  m_PrefabInstance: {fileID: 6508049091268922598}
  m_PrefabAsset: {fileID: 0}
--- !u!1001 &8734112056353289338
PrefabInstance:
  m_ObjectHideFlags: 0
  serializedVersion: 2
  m_Modification:
    m_TransformParent: {fileID: 97134117373736600}
    m_Modifications:
    - target: {fileID: 4655401566669781848, guid: fe785adc295bcfa4cb8ea93d8683e675,
        type: 3}
      propertyPath: m_Name
      value: Crash
      objectReference: {fileID: 0}
    - target: {fileID: 4655401566669781851, guid: fe785adc295bcfa4cb8ea93d8683e675,
        type: 3}
      propertyPath: m_LocalPosition.x
      value: 0
      objectReference: {fileID: 0}
    - target: {fileID: 4655401566669781851, guid: fe785adc295bcfa4cb8ea93d8683e675,
        type: 3}
      propertyPath: m_LocalPosition.y
      value: 0
      objectReference: {fileID: 0}
    - target: {fileID: 4655401566669781851, guid: fe785adc295bcfa4cb8ea93d8683e675,
        type: 3}
      propertyPath: m_LocalPosition.z
      value: 0
      objectReference: {fileID: 0}
    - target: {fileID: 4655401566669781851, guid: fe785adc295bcfa4cb8ea93d8683e675,
        type: 3}
      propertyPath: m_LocalRotation.x
      value: 0
      objectReference: {fileID: 0}
    - target: {fileID: 4655401566669781851, guid: fe785adc295bcfa4cb8ea93d8683e675,
        type: 3}
      propertyPath: m_LocalRotation.y
      value: 0
      objectReference: {fileID: 0}
    - target: {fileID: 4655401566669781851, guid: fe785adc295bcfa4cb8ea93d8683e675,
        type: 3}
      propertyPath: m_LocalRotation.z
      value: 0
      objectReference: {fileID: 0}
    - target: {fileID: 4655401566669781851, guid: fe785adc295bcfa4cb8ea93d8683e675,
        type: 3}
      propertyPath: m_LocalRotation.w
      value: 1
      objectReference: {fileID: 0}
    - target: {fileID: 4655401566669781851, guid: fe785adc295bcfa4cb8ea93d8683e675,
        type: 3}
      propertyPath: m_RootOrder
      value: 1
      objectReference: {fileID: 0}
    - target: {fileID: 4655401566669781851, guid: fe785adc295bcfa4cb8ea93d8683e675,
        type: 3}
      propertyPath: m_LocalEulerAnglesHint.x
      value: 0
      objectReference: {fileID: 0}
    - target: {fileID: 4655401566669781851, guid: fe785adc295bcfa4cb8ea93d8683e675,
        type: 3}
      propertyPath: m_LocalEulerAnglesHint.y
      value: 0
      objectReference: {fileID: 0}
    - target: {fileID: 4655401566669781851, guid: fe785adc295bcfa4cb8ea93d8683e675,
        type: 3}
      propertyPath: m_LocalEulerAnglesHint.z
      value: 0
      objectReference: {fileID: 0}
    - target: {fileID: 4655401566669781849, guid: fe785adc295bcfa4cb8ea93d8683e675,
        type: 3}
      propertyPath: rando_per_sec
      value: 500
      objectReference: {fileID: 0}
    - target: {fileID: 4655401566669781849, guid: fe785adc295bcfa4cb8ea93d8683e675,
        type: 3}
      propertyPath: crash_duration
      value: 0.2
      objectReference: {fileID: 0}
    m_RemovedComponents: []
  m_SourcePrefab: {fileID: 100100000, guid: fe785adc295bcfa4cb8ea93d8683e675, type: 3}
--- !u!4 &4156404284881293089 stripped
Transform:
  m_CorrespondingSourceObject: {fileID: 4655401566669781851, guid: fe785adc295bcfa4cb8ea93d8683e675,
    type: 3}
  m_PrefabInstance: {fileID: 8734112056353289338}
  m_PrefabAsset: {fileID: 0}
